<?xml version="1.0" encoding="UTF-8"?>
<record xmlns="http://www.loc.gov/MARC21/slim" xmlns:xsi="http://www.w3.org/2001/XMLSchema-instance" xsi:schemaLocation="http://www.loc.gov/MARC21/slim http://www.loc.gov/standards/marcxml/schema/MARC21slim.xsd">
<leader>00000cam a2200205 a 4500</leader>
<controlfield tag="001">002933615</controlfield>
<controlfield tag="003">NNU</controlfield>
<controlfield tag="005">20130930131713.0</controlfield>
<controlfield tag="008">881019q19501959iq            000 1 ara d</controlfield>
<datafield tag="035" ind1="9" ind2=" ">
<subfield code="a">NYUb10657494</subfield>
</datafield>
<datafield tag="035" ind1=" " ind2=" ">
<subfield code="a">(CStRLIN)NYUG88-B34680</subfield>
</datafield>
<datafield tag="035" ind1=" " ind2=" ">
<subfield code="a">GLIS006574945</subfield>
</datafield>
<datafield tag="040" ind1=" " ind2=" ">
<subfield code="a">NNU</subfield>
<subfield code="c">NNU</subfield>
</datafield>
<datafield tag="090" ind1=" " ind2=" ">
<subfield code="i">02/23/90 CT</subfield>
<subfield code="h">10/20/88 CT</subfield>
</datafield>
<datafield tag="100" ind1="1" ind2=" ">
<subfield code="a">Ṣabrī, Idmūn.</subfield>
</datafield>
<datafield tag="245" ind1="1" ind2="0">
<subfield code="a">Khubz al-ḥukūmah :</subfield>
<subfield code="b">aqāṣīṣ /</subfield>
<subfield code="c">Idmūn Ṣabrī.</subfield>
</datafield>
<datafield tag="260" ind1=" " ind2=" ">
<subfield code="a">Baghdād :</subfield>
<subfield code="b">[s.n.,</subfield>
<subfield code="c">195-]</subfield>
</datafield>
<datafield tag="300" ind1=" " ind2=" ">
<subfield code="a">56 p. ;</subfield>
<subfield code="c">22 cm.</subfield>
</datafield>
<datafield tag="OWN" ind1=" " ind2=" ">
<subfield code="a">GENERAL</subfield>
</datafield>
<datafield tag="AVA" ind1=" " ind2=" ">
<subfield code="a">NYU50</subfield>
<subfield code="b">BOBST</subfield>
<subfield code="c">Main Collection</subfield>
<subfield code="d">PJ7862.A27 K5 1950</subfield>
<subfield code="e">unavailable</subfield>
<subfield code="t">Unavailable</subfield>
<subfield code="f">1</subfield>
<subfield code="g">1</subfield>
<subfield code="h">N</subfield>
<subfield code="i">0</subfield>
<subfield code="j">MAIN</subfield>
<subfield code="k">0</subfield>
</datafield>
</record>
